<?xml version="1.0" encoding="UTF-8"?><record xmlns="http://www.loc.gov/MARC21/slim" xmlns:cinclude="http://apache.org/cocoon/include/1.0" xmlns:zs="http://www.loc.gov/zing/srw/">
  <leader>00760cz  a2200181n  4500</leader>
  <controlfield tag="001">n  82273778 </controlfield>
  <controlfield tag="003">DLC</controlfield>
  <controlfield tag="005">20130308081758.0</controlfield>
  <controlfield tag="008">840326n| azannaabn          |a ana      </controlfield>
  <datafield tag="010" ind1=" " ind2=" ">
    <subfield code="a">n  82273778 </subfield>
  </datafield>
  <datafield tag="035" ind1=" " ind2=" ">
    <subfield code="a">(OCoLC)oca01085594</subfield>
  </datafield>
  <datafield tag="040" ind1=" " ind2=" ">
    <subfield code="a">DLC</subfield>
    <subfield code="b">eng</subfield>
    <subfield code="e">rda</subfield>
    <subfield code="c">DLC</subfield>
    <subfield code="d">OCoLC</subfield>
    <subfield code="d">DLC</subfield>
  </datafield>
  <datafield tag="110" ind1="1" ind2=" ">
    <subfield code="a">Fitchburg (Mass.).</subfield>
    <subfield code="b">Engineering Division</subfield>
  </datafield>
  <datafield tag="410" ind1="1" ind2=" ">
    <subfield code="a">Fitchburg (Mass.).</subfield>
    <subfield code="b">Department of Public Works.</subfield>
    <subfield code="b">Engineering Division</subfield>
  </datafield>
  <datafield tag="410" ind1="1" ind2=" ">
    <subfield code="w">nnaa</subfield>
    <subfield code="a">Fitchburg, Mass.</subfield>
    <subfield code="b">Engineering Division</subfield>
  </datafield>
  <datafield tag="510" ind1="1" ind2=" ">
    <subfield code="w">r</subfield>
    <subfield code="i">Hierarchical superior:</subfield>
    <subfield code="a">Fitchburg (Mass.).</subfield>
    <subfield code="b">Department of Public Works</subfield>
  </datafield>
  <datafield tag="670" ind1=" " ind2=" ">
    <subfield code="a">Its Map of Fitchburg, Massachusetts, 1979:</subfield>
    <subfield code="b">map recto (Department of Public Works--Engineering Division)</subfield>
  </datafield>
  <datafield tag="670" ind1=" " ind2=" ">
    <subfield code="a">LC data base, 3-21-84</subfield>
    <subfield code="b">(hdg.: Fitchburg, Mass. Engineering Division)</subfield>
  </datafield>
</record>